<record><leader>00000cas a2200000 a 4500</leader><controlfield tag="001">22282684</controlfield><controlfield tag="008">900827d195u1971nyuwr ne      0    0eng c</controlfield><datafield ind1=" " ind2=" " tag="010"><subfield code="a">sn 90066312 </subfield></datafield><datafield ind1=" " ind2=" " tag="040"><subfield code="a">NYS</subfield><subfield code="b">eng</subfield><subfield code="c">NYS</subfield><subfield code="d">OCLCQ</subfield><subfield code="d">OCLCF</subfield><subfield code="d">OCLCO</subfield></datafield><datafield ind1="1" ind2=" " tag="029"><subfield code="a">AU@</subfield><subfield code="b">000020598251</subfield></datafield><datafield ind1=" " ind2=" " tag="042"><subfield code="a">pcc</subfield></datafield><datafield ind1=" " ind2=" " tag="043"><subfield code="a">n-us-ny</subfield></datafield><datafield ind1="0" ind2=" " tag="130"><subfield code="a">Liberty news (Liberty, N.Y.)</subfield></datafield><datafield ind1="1" ind2="0" tag="245"><subfield code="a">Liberty news.</subfield></datafield><datafield ind1="1" ind2="3" tag="246"><subfield code="a">Liberty news weekly</subfield></datafield><datafield ind1=" " ind2=" " tag="260"><subfield code="a">Liberty, Sullivan County, N.Y. :</subfield><subfield code="b">Liberty News,</subfield><subfield code="c">-1971.</subfield></datafield><datafield ind1=" " ind2=" " tag="300"><subfield code="a">v.</subfield></datafield><datafield ind1=" " ind2=" " tag="310"><subfield code="a">Weekly</subfield></datafield><datafield ind1="0" ind2=" " tag="362"><subfield code="a">-v. 16, no. 23 (Jan. 14, 1971).</subfield></datafield><datafield ind1=" " ind2=" " tag="500"><subfield code="a">"Weekly" appears below title, -&lt;May 17, 1957&gt;.</subfield></datafield><datafield ind1=" " ind2=" " tag="588"><subfield code="a">Description based on: Vol. 4, no. [67] (Oct. 21, 1955).</subfield></datafield><datafield ind1=" " ind2="0" tag="651"><subfield code="a">Liberty (N.Y.)</subfield><subfield code="v">Newspapers.</subfield></datafield><datafield ind1=" " ind2="0" tag="651"><subfield code="a">Sullivan County (N.Y.)</subfield><subfield code="v">Newspapers.</subfield></datafield><datafield ind1=" " ind2="7" tag="655"><subfield code="a">Newspapers.</subfield><subfield code="2">fast</subfield><subfield code="0">(OCoLC)fst01423814</subfield></datafield><datafield ind1=" " ind2="7" tag="651"><subfield code="a">New York (State)</subfield><subfield code="z">Liberty.</subfield><subfield code="2">fast</subfield><subfield code="0">(OCoLC)fst01218983</subfield></datafield><datafield ind1=" " ind2="7" tag="651"><subfield code="a">New York (State)</subfield><subfield code="z">Sullivan County.</subfield><subfield code="2">fast</subfield><subfield code="0">(OCoLC)fst01207504</subfield></datafield><datafield ind1=" " ind2=" " tag="752"><subfield code="a">United States</subfield><subfield code="b">New York</subfield><subfield code="c">Sullivan</subfield><subfield code="d">Liberty.</subfield></datafield><datafield ind1="0" ind2="0" tag="785"><subfield code="t">Liberty evening news</subfield><subfield code="w">(DLC)sn 90066303</subfield><subfield code="w">(OCoLC)22412446</subfield></datafield></record>